@book{sutton2018reinforcement,
  title={Reinforcement learning: An introduction},
  author={Sutton, Richard S and Barto, Andrew G},
  year={2018},
  publisher={MIT press}
}

@article{thompson1933likelihood,
    title={On the likelihood that one unknown probability exceeds another in view of the evidence of two samples},
    author={Thompson, William R},
    journal={Biometrika},
    volume={25},
    number={3/4},
    pages={285--294},
    year={1933},
    publisher={JSTOR}
}

@article{bellman1956problem,
    title={A problem in the sequential design of experiments},
    author={Bellman, Richard},
    journal={Sankhy{\=a}: The Indian Journal of Statistics (1933-1960)},
    volume={16},
    number={3/4},
    pages={221--229},
    year={1956},
    publisher={JSTOR}
}

@article{bf2019survey,
    title={A survey on practical applications of multi-armed and contextual bandits},
    author={Bouneffouf, Djallel and Rish, Irina},
    journal={arXiv preprint arXiv:1904.10040},
    year={2019}
}

@incollection{bourbaki2004integration,
    title={Integration},
    author={Bourbaki, Nicolas},
    year={2004},
    publisher={Springer Berlin}
}

@incollection{bourbaki2004theory,
    title={Theory of sets},
    author={Bourbaki, Nicolas},
    year={2004},
    publisher={Springer Berlin}
}

@article{bourbaki1987topological,
    title={Topological vector spaces, Elements of mathematics},
    author={Bourbaki, Nicolas},
    year={1987},
    publisher={Springer, Berlin}
}

@incollection{takeuti1982classes,
    title={Introduction to Axiomatic Set Theory},
    author={Takeuti, Gaisi and Zaring, Wilson M},
    year={1982},
    publisher={Springer}
}

@article{mathias1992ignorance,
    title={The ignorance of Bourbaki},
    author={Mathias, Adrian RD},
    journal={Mathematical Intelligencer},
    volume={14},
    number={3},
    pages={4--13},
    year={1992},
    publisher={Citeseer}
}

@article{mathias1998further,
    title={Further Remarks on Bourbaki (A reply to criticism by Professor Sanford L. Segal of the essay “The ignorance of Bourbaki”.)},
    author={Mathias, ARD},
    journal={Preprint},
    volume={7},
    year={1998}
}

@article{hitchcock1941distribution,
    title={The distribution of a product from several sources to numerous localities},
    author={Hitchcock, Frank L},
    journal={Journal of mathematics and physics},
    volume={20},
    number={1-4},
    pages={224--230},
    year={1941},
    publisher={Wiley Online Library}
}

@article{patelalternate,
    title={An Alternate Approach to Find an Optimal Solution of a Transportation Problem.},
    author={Patel, Reena G and Bhathawala, PH and Patel, Bhavin S}
}

@book{villani2003topics,
    title={Topics in optimal transportation},
    author={Villani, C{\'e}dric},
    number={58},
    year={2003},
    publisher={American Mathematical Soc.}
}

@article{d1942growth,
    title={On growth and form},
    author={d'Arcy, W Thompson and others},
    journal={On growth and form},
    year={1942}
}

@book{modersitzki2004numerical,
    title={Numerical methods for image registration},
    author={Modersitzki, Jan},
    year={2004},
    publisher={Oxford University Press on Demand}
}

@book{younes2010shapes,
    title={Shapes and diffeomorphisms},
    author={Younes, Laurent},
    volume={171},
    year={2010},
    publisher={Springer}
}

@article{lorenzi2013geodesics,
    title={Geodesics, parallel transport \& one-parameter subgroups for diffeomorphic image registration},
    author={Lorenzi, Marco and Pennec, Xavier},
    journal={International journal of computer vision},
    volume={105},
    number={2},
    pages={111--127},
    year={2013},
    publisher={Springer}
}

@book{procesi1977elementi,
    title={Elementi di teoria di Galois},
    author={Procesi, Claudio},
    year={1977},
    publisher={Decibel}
}

@book{mandelbrot1983fractal,
    title={The fractal geometry of nature},
    author={Mandelbrot, Benoit B},
    volume={173},
    year={1983},
    publisher={WH freeman New York}
}

@book{gelbaum2003counterexamples,
    title={Counterexamples in analysis},
    author={Gelbaum, Bernard R and Olmsted, John MH},
    year={2003},
    publisher={Courier Corporation}
}

@article{gros2019masters,
    title={When masters of abstraction run into a concrete wall: Experts failing arithmetic word problems},
    author={Gros, Hippolyte and Sander, Emmanuel and Thibaut, Jean-Pierre},
    journal={Psychonomic bulletin \& review},
    volume={26},
    number={5},
    pages={1738--1746},
    year={2019},
    publisher={Springer}
}

@book{lockhart2009mathematician,
    title={A mathematician's lament: How school cheats us out of our most fascinating and imaginative art form},
    author={Lockhart, Paul},
    year={2009},
    publisher={Bellevue literary press}
}

@article{arnol1998teaching,
    title={On teaching mathematics},
    author={Arnol'd, Vladimir I},
    journal={Russian Mathematical Surveys},
    volume={53},
    number={1},
    pages={229},
    year={1998},
    publisher={IOP Publishing}
}

@book{de2008bruno,
    title={Bruno de Finetti: un matematico scomodo},
    author={De Finetti, Fulvia and Nicotra, Luca},
    year={2008},
    publisher={Belforte}
}

@article{velupillai2012bourbaki,
    title={Bourbaki's Destructive Influence on the Mathematisation of Economics},
    author={Velupillai, K Vela},
    journal={Economic and Political Weekly},
    pages={63--68},
    year={2012},
    publisher={JSTOR}
}

@misc{gros2019sciencedaily,
    title={Expert mathematicians stumped by simple subtractions},
    author={Article Summary},
    year={2019},
    howpublished = "\url{https://www.sciencedaily.com/releases/2019/07/190710103231.htm}"
}

@article{grothendieck2011some,
    title={Some aspects of homological algebra},
    author={Grothendieck, Alexandre},
    year={2011}
}

@misc{mochizuki2012inter,
    title={Inter-universal Teichm{\"u}ller theory I: Construction of Hodge theaters},
    author={Mochizuki, Shinichi},
    year={2012},
    publisher={Kyoto University, Research Institute for Mathematical Sciences}
}

@article{castelvecchi2015biggest,
    title={The biggest mystery in mathematics: Shinichi Mochizuki and the impenetrable proof},
    author={Castelvecchi, Davide},
    journal={Nature News},
    volume={526},
    number={7572},
    pages={178},
    year={2015}
}

